% 24580807 
@Article{pmid24580807,
   Author="Wood, D. E.  and Salzberg, S. L. ",
   Title="{{K}raken: ultrafast metagenomic sequence classification using exact alignments}",
   Journal="Genome Biol.",
   Year="2014",
   Volume="15",
   Number="3",
   Pages="R46"
}

% 23828782 
@Article{pmid23828782,
   Author={Ames, S. K.  and Hysom, D. A.  and others},
   Title="{{S}calable metagenomic taxonomy classification using a reference genome database}",
   Journal="Bioinformatics",
   Year="2013",
   Volume="29",
   Number="18",
   Pages="2253--2260",
   Month="Sep"
}

% 25393923 
@Article{pmid25393923,
   Author="No{\'e}, L.  and Martin, D. E. ",
   Title="{{A} {C}overage {C}riterion for {S}paced {S}eeds and {I}ts {A}pplications to {S}upport {V}ector {M}achine {S}tring {K}ernels and k-{M}er {D}istances}",
   Journal="J. Comput. Biol.",
   Year="2014",
   Volume="21",
   Number="12",
   Pages="947--963",
   Month="Dec"
}

@article{QinEtAlNature10,
	Annote = {10.1038/nature08821},
	Author = {Qin, Junjie and Li, Ruiqiang and Raes, Jeroen and Arumugam, Manimozhiyan and Burgdorf, Kristoffer Solvsten and Manichanh, Chaysavanh and Nielsen, Trine and Pons, Nicolas and Levenez, Florence and Yamada, Takuji and Mende, Daniel R. and Li, Junhua and Xu, Junming and Li, Shaochuan and Li, Dongfang and Cao, Jianjun and Wang, Bo and Liang, Huiqing and Zheng, Huisong and Xie, Yinlong and Tap, Julien and Lepage, Patricia and Bertalan, Marcelo and Batto, Jean-Michel and Hansen, Torben and Le Paslier, Denis and Linneberg, Allan and Nielsen, H. Bjorn and Pelletier, Eric and Renault, Pierre and Sicheritz-Ponten, Thomas and Turner, Keith and Zhu, Hongmei and Yu, Chang and Li, Shengting and Jian, Min and Zhou, Yan and Li, Yingrui and Zhang, Xiuqing and Li, Songgang and Qin, Nan and Yang, Huanming and Wang, Jian and Brunak, Soren and Dore, Joel and Guarner, Francisco and Kristiansen, Karsten and Pedersen, Oluf and Parkhill, Julian and Weissenbach, Jean and Bork, Peer and Ehrlich, S. Dusko and Wang, Jun},
	Date = {2010/03/04/print},
	Date-Added = {2014-12-26 21:38:07 +0000},
	Date-Modified = {2014-12-26 21:38:07 +0000},
	Day = {04},
	Isbn = {0028-0836},
	Journal = {Nature},
	L3 = {http://www.nature.com/nature/journal/v464/n7285/suppinfo/nature08821_S1.html},
	M3 = {10.1038/nature08821},
	Month = {03},
	Number = {7285},
	Pages = {59--65},
	Publisher = {Macmillan Publishers Limited. All rights reserved},
	Title = {A human gut microbial gene catalogue established by metagenomic sequencing},
	Ty = {JOUR},
	Url = {http://dx.doi.org/10.1038/nature08821},
	Volume = {464},
	Year = {2010},
	Bdsk-Url-1 = {http://dx.doi.org/10.1038/nature08821}}

% 15001713 
@Article{pmid15001713,
   Author="Venter, J. C.  and Remington, K.  and Heidelberg, J. F.  and Halpern, A. L.  and Rusch, D.  and Eisen, J. A.  and Wu, D.  and Paulsen, I.  and Nelson, K. E.  and Nelson, W.  and Fouts, D. E.  and Levy, S.  and Knap, A. H.  and Lomas, M. W.  and Nealson, K.  and White, O.  and Peterson, J.  and Hoffman, J.  and Parsons, R.  and Baden-Tillson, H.  and Pfannkoch, C.  and Rogers, Y. H.  and Smith, H. O. ",
   Title="{{E}nvironmental genome shotgun sequencing of the {S}argasso {S}ea}",
   Journal="Science",
   Year="2004",
   Volume="304",
   Number="5667",
   Pages="66--74",
   Month="Apr"
}

% 22028628 
@Article{pmid22028628,
   Author="Karsenti, E.  and Acinas, S. G.  and Bork, P.  and Bowler, C.  and De Vargas, C.  and Raes, J.  and Sullivan, M.  and Arendt, D.  and Benzoni, F.  and Claverie, J. M.  and Follows, M.  and Gorsky, G.  and Hingamp, P.  and Iudicone, D.  and Jaillon, O.  and Kandels-Lewis, S.  and Krzic, U.  and Not, F.  and Ogata, H.  and Pesant, S.  and Reynaud, E. G.  and Sardet, C.  and Sieracki, M. E.  and Speich, S.  and Velayoudon, D.  and Weissenbach, J.  and Wincker, P. ",
   Title="{{A} holistic approach to marine eco-systems biology}",
   Journal="PLoS Biol.",
   Year="2011",
   Volume="9",
   Number="10",
   Pages="e1001177",
   Month="Oct"
}

@article{VogelEtAlNatRevMicro09,
	Annote = {10.1038/nrmicro2119},
	Author = {Vogel, Timothy M. and Simonet, Pascal and Jansson, Janet K. and Hirsch, Penny R. and Tiedje, James M. and van Elsas, Jan Dirk and Bailey, Mark J. and Nalin, Renaud and Philippot, Laurent},
	Date = {2009/04//print},
	Date-Added = {2014-12-26 22:46:19 +0000},
	Date-Modified = {2014-12-26 22:46:19 +0000},
	Isbn = {1740-1526},
	Journal = {Nat Rev Micro},
	M3 = {10.1038/nrmicro2119},
	Month = {04},
	Number = {4},
	Pages = {252--252},
	Publisher = {Nature Publishing Group},
	Title = {TerraGenome: a consortium for the sequencing of a soil metagenome},
	Ty = {JOUR},
	Url = {http://dx.doi.org/10.1038/nrmicro2119},
	Volume = {7},
	Year = {2009},
	Bdsk-Url-1 = {http://dx.doi.org/10.1038/nrmicro2119}}

% 19819907 
@Article{pmid19819907,
   Author="Peterson, J.  and Garges, S.  and others",
   Title="{{T}he {N}{I}{H} {H}uman {M}icrobiome {P}roject}",
   Journal="Genome Res.",
   Year="2009",
   Volume="19",
   Number="12",
   Pages="2317--2323",
   Month="Dec"
}


@article{NatMeth09,
Author = "{Nath Meth Editorial}",
	Annote = {10.1038/nmeth0909-623},
	Date = {2009/09//print},
	Isbn = {1548-7091},
	Journal = {Nat Meth},
	M3 = {10.1038/nmeth0909-623},
	Month = {09},
	Number = {9},
	Pages = {623--623},
	Publisher = {Nature Publishing Group},
	Title = {Metagenomics versus {M}oore's law},
	Ty = {JOUR},
	Volume = {6},
	Year = {2009},
	Bdsk-Url-1 = {http://dx.doi.org/10.1038/nmeth0909-623}}

% 21690186 
@Article{pmid21690186,
   Author="Huson, D. H.  and Mitra, S.  and others",
   Title="{{I}ntegrative analysis of environmental sequences using {M}{E}{G}{A}{N}4}",
   Journal="Genome Res.",
   Year="2011",
   Volume="21",
   Number="9",
   Pages="1552--1560",
   Month="Sep"
}

% 21527926 
@Article{pmid21527926,
   Author="Brady, A.  and Salzberg, S. ",
   Title="{{P}hymm{B}{L} expanded: confidence scores, custom databases, parallelization and more}",
   Journal="Nat. Methods",
   Year="2011",
   Volume="8",
   Number="5",
   Pages="367",
   Month="May"
}

@Article{pmid22847406,
   Author="Pell, J.  and Hintze, A.  and Canino-Koning, R.  and Howe, A.  and Tiedje, J. M.  and Brown, C. T. ",
   Title="{{S}caling metagenome sequence assembly with probabilistic de {B}ruijn graphs}",
   Journal="Proc. Natl. Acad. Sci. U.S.A.",
   Year="2012",
   Volume="109",
   Number="33",
   Pages="13272--13277",
   Month="Aug"
}

% 22962338 
@Article{pmid22962338,
   Author="Mande, S. S.  and Mohammed, M. H.  and others",
   Title="{{C}lassification of metagenomic sequences: methods and challenges}",
   Journal="Brief. Bioinformatics",
   Year="2012",
   Volume="13",
   Number="6",
   Pages="669--681",
   Month="Nov"
}

% 22966151 
@Article{pmid22966151,
   Author="Teeling, H.  and Glockner, F. O. ",
   Title="{{C}urrent opportunities and challenges in microbial metagenome analysis--a bioinformatic perspective}",
   Journal="Brief. Bioinformatics",
   Year="2012",
   Volume="13",
   Number="6",
   Pages="728--742",
   Month="Nov"
}

% 24819825 
@Article{pmid24819825,
   Author="Vinga, S. ",
   Title="{{E}ditorial: {A}lignment-free methods in computational biology}",
   Journal="Brief. Bioinformatics",
   Year="2014",
   Volume="15",
   Number="3",
   Pages="341--342",
   Month="May"
}

@article{DBLP:journals/bioinformatics/LeimeisterBHLM14,
  author    = {Leimeister, C.-A. and
               Boden, M. and
               others},
  title     = {Fast alignment-free sequence comparison using spaced-word frequencies},
  journal   = {Bioinformatics},
  volume    = {30},
  number    = {14},
  pages     = {1991--1999},
  year      = {2014}
}

@article{khmer-counting,
    author = "Zhang, Qingpeng AND Pell, Jason AND Canino-Koning, Rosangela
AND Howe, Adina Chuang AND Brown, C. Titus",
    journal = "PLoS ONE",
    publisher = "Public Library of Science",
    title = "These Are Not the K-mers You Are Looking For: Efficient Online
K-mer Counting Using a Probabilistic Data Structure",
    year = "2014",
    month = "07",
    volume = "9",
    pages = "e101271",
    number = "7",
    doi = "10.1371/journal.pone.0101271"
}

% 24618471 
@Article{pmid24618471,
   Author="Roy, R. S.  and Bhattacharya, D.  and Schliep, A. ",
   Title="{{T}urtle: identifying frequent k-mers with cache-efficient algorithms}",
   Journal="Bioinformatics",
   Year="2014",
   Volume="30",
   Number="14",
   Pages="1950--1957",
   Month="Jul"
}

% 23325618 
@Article{pmid23325618,
   Author="Rizk, G.  and Lavenier, D.  and Chikhi, R. ",
   Title="{{D}{S}{K}: k-mer counting with very low memory usage}",
   Journal="Bioinformatics",
   Year="2013",
   Volume="29",
   Number="5",
   Pages="652--653",
   Month="Mar"
}

% 21217122 
@Article{pmid21217122,
   Author="Marcais, G.  and Kingsford, C. ",
   Title="{{A} fast, lock-free approach for efficient parallel counting of occurrences of k-mers}",
   Journal="Bioinformatics",
   Year="2011",
   Volume="27",
   Number="6",
   Pages="764--770",
   Month="Mar"
}

% 21831268 
@Article{pmid21831268,
   Author="Melsted, P.  and Pritchard, J. K. ",
   Title="{{E}fficient counting of k-mers in {D}{N}{A} sequences using a bloom filter}",
   Journal="BMC Bioinformatics",
   Year="2011",
   Volume="12",
   Pages="333"
}

@Article{BurkhardtKarkkainen03,
  author = 	 {Burkhardt, S. and K{\"a}rkk{\"a}inen, J.},
  title = 	 {Better filtering with gapped $q$-grams},
  journal = 	 {Fundamenta Informaticae},
  year = 	 {2003},
  OPTkey = 	 {},
  volume = 	 {56},
  number = 	 {1-2},
  pages = 	 {51-70},
  OPTmonth = 	 {},
  note = 	 {Preliminary version in Combinatorial Pattern Matching 2001},
  OPTannote = 	 {}
}

@inbook{BrownBA08,
  author = {Brown, Daniel G.},
  title = {Bioinformatics Algorithms: Techniques and Applications},
  chapter = {A survey of seeding for sequence alignment},
  publisher = {Wiley-Interscience (I. M{\v{a}}ndoiu, A. Zelikovsky)},
  year = {2008},
  month = {Fev.},
  pages = {126--152}
}

@article{KucherovNoeRoytbergJBCB06,
  author = {Kucherov, G. and No{\'e}, L. and others},
  title = {A unifying framework for seed sensitivity and its application to subset seeds},
  journal = {Journal of Bioinformatics and Computational Biology},
  year = {2006},
  month = {November},
  volume = {4},
  number = {2},
  pages = {553--569}
}

@incollection{OnoderaShibuya13,
year={2013},
booktitle={Machine Learning and Data Mining in Pattern Recognition},
volume={7988},
series={Lecture Notes in Computer Science},
editor={Perner, Petra},
title={The Gapped Spectrum Kernel for Support Vector Machines},
publisher={Springer Berlin Heidelberg},
keywords={SVM; string kernels; the b-suffix array; protein classification},
author={Onodera, Taku and Shibuya, Tetsuo},
pages={1-15},
language={English}
}

% 25033408 
@Article{pmid25033408,
   Author="Ghandi, M.  and Lee, D.  and others",
   Title="{{E}nhanced regulatory sequence prediction using gapped k-mer features}",
   Journal="PLoS Comput. Biol.",
   Year="2014",
   Volume="10",
   Number="7",
   Pages="e1003711",
   Month="Jul"
}

@Article{PatternHunter02,
  author  =  {Ma, Bin and Tromp, John and others},
  title   =  {{P}attern{H}unter: Faster and more sensitive homology search},
  journal =  {Bioinformatics},
  year    =  {2002},
  volume  =  {18},
  number  =  {3},
  pages   =  {440--445},
}

@Article{GBLAST97,
  author  =  {Altschul, S. and Madden, T. and others},
  title   = {Gapped {BLAST }and {PSI-BLAST}: a new generation of protein database search programs},
  journal = {Nucleic Acids Research},
  year = {1997},
  volume = {25},
  number = {17},
  pages = {3389--3402},
}

@Article{BLAT02,
  author = 	 {Kent, W. James},
  title = 	 {{BLAT}--The {BLAST}-Like Alignment Tool},
  journal = 	 {Genome Research},
  year = 	 {2002},
  volume = 	 {12},
  pages = 	 {656--664},
}

@Article{BLASTZ03,
  author = 	 {Schwartz, Scott and Kent, James and Smit, Arian and Zhang, Zheng and Baertsch, Robert and Hardison, Ross and Haussler, David and Miller, Webb},
  title = 	 {Human--Mouse Alignments with {BLASTZ}},
  journal = 	 {Genome Research},
  year = 	 {2003},
  volume = 	 {13},
  OPTnumber = 	 {},
  pages = 	 {103--107},
  OPTmonth = 	 {},
}

@Article{NoeKucherovBMC04,
  author = 	 {No{\'e}, L. and Kucherov, G.},
  title = 	 {Improved hit criteria for {DNA} local alignment},
  journal = 	 {BMC Bioinformatics},
  year = 	 {2004},
  OPTkey = 	 {},
  volume = 	 {5},
  number = 	 {149},
  OPTpages = 	 {},
  month = 	 {14 October},
  note = 	 {},
  OPTannote = 	 {}
}



@inproceedings{DBLP:conf/spire/BensonM08,
  author    = {Benson, G. and
               Mak, D.},
  title     = {Exact Distribution of a Spaced Seed Statistic for {DNA} Homology Detection},
  booktitle = {String Processing and Information Retrieval, 15th International Symposium,
               {SPIRE} 2008, Melbourne, Australia, November 10-12, 2008. Proceedings},
  pages     = {282--293},
  year      = {2008},
  series    = {Lecture Notes in Computer Science},
  volume    = {5280},
  publisher = {Springer}
}

% 18974822 
@Article{pmid18974822,
   Author="Ben-Hur, A.  and Ong, C. S.  and others",
   Title="{{S}upport vector machines and kernels for computational biology}",
   Journal="PLoS Comput. Biol.",
   Year="2008",
   Volume="4",
   Number="10",
   Pages="e1000173",
   Month="Oct"
}

% 21684354 
@Article{pmid21684354,
   Author="Tortoli, E. ",
   Title="{{P}hylogeny of the genus {M}ycobacterium: many doubts, few certainties}",
   Journal="Infect. Genet. Evol.",
   Year="2012",
   Volume="12",
   Number="4",
   Pages="827--831",
   Month="Jun"
}

@Misc{patric-url,
  OPTkey = 	 {},
  OPTauthor = 	 {},
  title = 	 {http://patricbrc.org/portal/portal/patric/Phylogeny?cType=taxon\&cId=1763},
  OPThowpublished = {},
  OPTmonth = 	 {},
  OPTyear = 	 {},
  OPTnote = 	 {},
  OPTannote = 	 {}
}

% 19451168 
@Article{pmid19451168,
   Author="Li, H.  and Durbin, R. ",
   Title="{{F}ast and accurate short read alignment with {B}urrows-{W}heeler transform}",
   Journal="Bioinformatics",
   Year="2009",
   Volume="25",
   Number="14",
   Pages="1754--1760",
   Month="Jul"
}

% 23103880 
@Article{pmid23103880,
   Author="Marco-Sola, S.  and Sammeth, M.  and others",
   Title="{{T}he {G}{E}{M} mapper: fast, accurate and versatile alignment by filtration}",
   Journal="Nat. Methods",
   Year="2012",
   Volume="9",
   Number="12",
   Pages="1185--1188",
   Month="Dec"
}

% 19261174 
@Article{pmid19261174,
   Author="Langmead, B.  and Trapnell, C.  and others",
   Title="{{U}ltrafast and memory-efficient alignment of short {D}{N}{A} sequences to the human genome}",
   Journal="Genome Biol.",
   Year="2009",
   Volume="10",
   Number="3",
   Pages="R25"
}

@InProceedings{BuhlerRECOMB04,
  author = 	 {Sun, Y. and Buhler, J.},
  title = 	 {Designing multiple simultaneous seeds for {DNA} similarity search},
  booktitle = 	 {Proceedings of the 8th Annual International Conference on Computational Molecular Biology (RECOMB04), San Diego (California)},
  OPTcrossref =  {},
  OPTkey = 	 {},
  OPTpages = 	 {},
  year = 	 {2004},
  OPTeditor = 	 {},
  OPTvolume = 	 {},
  OPTnumber = 	 {},
  OPTseries = 	 {},
  OPTaddress = 	 {},
  month = 	 {March},
  OPTorganization = {},
  publisher = {ACM Press},
  OPTnote = 	 {},
  OPTannote = 	 {}
}

@Article{PatternHunter04,
  author  =  {Li, Ming and Ma, Bin and others},
  title   =  {{P}attern{H}unter {II}: Highly Sensitive and Fast Homology Search},
  journal =  {Journal of Bioinformatics and Computational Biology},
  year    =  {2004},
  volume  =  {2},
  number  =  {3},
  pages   =  {417-439},
  note    =  {Earlier version in GIW 2003},
}

% 17666769 
@Article{pmid17666769,
   Author="Zhang, L. ",
   Title="{{S}uperiority of spaced seeds for homology search}",
   Journal="IEEE/ACM Trans Comput Biol Bioinform",
   Year="2007",
   Volume="4",
   Number="3",
   Pages="496--505"
}

@article{marccais2011fast,
  title={A fast, lock-free approach for efficient parallel counting of occurrences of k-mers},
  author={Mar{\c{c}}ais, Guillaume and Kingsford, Carl},
  journal={Bioinformatics},
  volume={27},
  number={6},
  pages={764--770},
  year={2011},
  publisher={Oxford Univ Press}
}

@article{Li2010b,
author = {Li, Heng and Durbin, Richard},
doi = {10.1093/bioinformatics/btp698},
journal = {Bioinformatics},
number = {5},
pages = {589--95},
pmid = {20080505},
title = {Fast and accurate long-read alignment with {B}urrows-{W}heeler transform},
url = {http://bioinformatics.oxfordjournals.org/content/26/5/589 http://bioinformatics.oxfordjournals.org/content/26/5/589.full.pdf http://bioinformatics.oxfordjournals.org/content/26/5/589.short http://www.ncbi.nlm.nih.gov/pubmed/20080505 http://www.pubmedcentral.nih.gov/articlerender.fcgi?artid=2828108\&tool=pmcentrez\&rendertype=abstract},
volume = {26},
year = {2010}
}

@article{Koster2012,
author = {K\"{o}ster, Johannes and Rahmann, Sven},
doi = {10.1093/bioinformatics/bts480},
isbn = {1367-4811 (Linking)},
issn = {13674803},
journal = {Bioinformatics},
number = {19},
pages = {2520--2522},
pmid = {22908215},
title = {Snakemake - a scalable bioinformatics workflow engine},
volume = {28},
year = {2012}
}

% 25685176 
@Article{pmid25685176,
   Author="Morgenstern, B.  and Zhu, B.  and others",
   Title="{{E}stimating evolutionary distances between genomic sequences from spaced-word matches}",
   Journal="Algorithms Mol Biol",
   Year="2015",
   Volume="10",
   Pages="5"
}

% 20504335 
@Article{pmid20504335,
   Author="Alcaraz, L. D.  and Moreno-Hagelsieb, G.  and others",
   Title="{{U}nderstanding the evolutionary relationships and major traits of {B}acillus through comparative genomics}",
   Journal="BMC Genomics",
   Year="2010",
   Volume="11",
   Pages="332"
}

% 10831447 
@Article{pmid10831447,
   Author="Helgason, E.  and Okstad, O. A. and others",
   Title="{{B}acillus anthracis, {B}acillus cereus, and {B}acillus thuringiensis--one species on the basis of genetic evidence}",
   Journal="Appl. Environ. Microbiol.",
   Year="2000",
   Volume="66",
   Number="6",
   Pages="2627--2630",
   Month="Jun"
}

% 21304684 
@Article{pmid21304684,
   Author="Auch, A. F.  and von Jan, M.  and others",
   Title="{{D}igital {D}{N}{A}-{D}{N}{A} hybridization for microbial species delineation by means of genome-to-genome sequence comparison}",
   Journal="Stand Genomic Sci",
   Year="2010",
   Volume="2",
   Number="1",
   Pages="117--134"
}

